@Inbook{Wilcoxon-Rey2011,
author="Rey, Denise
and Neuh{\"a}user, Markus",
editor="Lovric, Miodrag",
title="Wilcoxon-Signed-Rank Test",
bookTitle="International Encyclopedia of Statistical Science",
year="2011",
publisher="Springer Berlin Heidelberg",
address="Berlin, Heidelberg",
pages="1658--1659",
isbn="978-3-642-04898-2",
doi="10.1007/978-3-642-04898-2_616",
url="https://doi.org/10.1007/978-3-642-04898-2_616"
}


@article{Wilcoxon-Woolson-2007,
   author = {Woolson, Robert F},
   title = {Wilcoxon signed‚Äêrank test},
   journal = {Wiley encyclopedia of clinical trials},
   pages = {1-3},
   year = {2007},
   type = {Journal Article}
}


@article{Shapiro-Yap-2011,
author = { B.   W.   Yap  and  C.   H.   Sim },
title = {Comparisons of various types of normality tests},
journal = {Journal of Statistical Computation and Simulation},
volume = {81},
number = {12},
pages = {2141-2155},
year  = {2011},
publisher = {Taylor & Francis},
doi = {10.1080/00949655.2010.520163},
URL = { 
        https://doi.org/10.1080/00949655.2010.520163
},
eprint = { 
        https://doi.org/10.1080/00949655.2010.520163
}
}


@article{Bonferroni-Amstrong-2014,
   author = {Armstrong, R. A.},
   title = {When to use the Bonferroni correction},
   journal = {Ophthalmic Physiol Opt},
   volume = {34},
   number = {5},
   pages = {502-8},
   ISSN = {0275-5408},
   DOI = {10.1111/opo.12131},
   year = {2014},
   type = {Journal Article}
}

@article{Immune-deconvolution-Finotello-2018,
   author = {Finotello, Francesca and Trajanoski, Zlatko},
   title = {Quantifying tumor-infiltrating immune cells from transcriptomics data},
   journal = {Cancer Immunology, Immunotherapy},
   volume = {67},
   number = {7},
   pages = {1031-1040},
   abstract = {},
   ISSN = {1432-0851},
   DOI = {10.1007/s00262-018-2150-z},
   url = {https://doi.org/10.1007/s00262-018-2150-z},
   year = {2018},
   type = {Journal Article}
}


@article{Kruksal-Wallis-ostertagova-2014,
author = {Ostertagov{\'{a}}, Eva and Ostertag, Oskar and Kov{\'{a}}{\v{c}}, Jozef},
title = {Methodology and Application of the Kruskal-Wallis Test},
year = {2014},
month = {10},
volume = {611},
pages = {115--120},
journal = {Applied Mechanics and Materials},
doi = {10.4028/www.scientific.net/AMM.611.115},
keywords = {MATLAB, Kruskal-Wallis Test, Nonparametric Multiple Comparisons, ConoverInman Test},
abstract = {}
}

@Manual{immunedeconv-merotto-2022,
  title = {immunedeconv: Methods for immune cell deconvolution},
  author = {Lorenzo Merotto and Gregor Sturm},
  year = {2022},
  note = {https:/omnideconv.org/immunedeconv, https://github.com/omnideconv/immunedeconv},
}

@inbook{LogReg-Belyadi-2021,
   author = {Belyadi, Hoss and Haghighat, Alireza},
   title = {Chapter 5 - Supervised learning},
   booktitle = {Machine Learning Guide for Oil and Gas Using Python},
   editor = {Belyadi, Hoss and Haghighat, Alireza},
   publisher = {Gulf Professional Publishing},
   pages = {169-295},
   abstract = {},
   ISBN = {978-0-12-821929-4},
   DOI = {https://doi.org/10.1016/B978-0-12-821929-4.00004-4},
   url = {https://www.sciencedirect.com/science/article/pii/B9780128219294000044},
   year = {2021},
   type = {Book Section}
}

@article{LogReg-Sperandei-2014,
   author = {Sperandei, S.},
   title = {Understanding logistic regression analysis},
   journal = {Biochem Med (Zagreb)},
   volume = {24},
   number = {1},
   pages = {12-8},
   note = {},
   ISSN = {1330-0962 (Print)
1330-0962 (Linking)},
   DOI = {10.11613/BM.2014.003},
   url = {https://www.ncbi.nlm.nih.gov/pubmed/24627710},
   year = {2014},
   type = {Journal Article}
}

@article{LogReg-Peng-2002,
author = {Peng, Joanne and Lee, Kuk and Ingersoll, Gary},
year = {2002},
month = {09},
pages = {3-14},
title = {An Introduction to Logistic Regression Analysis and Reporting},
volume = {96},
journal = {Journal of Educational Research - J EDUC RES},
doi = {10.1080/00220670209598786}
}
