  @Article{BioMart,
    title = {BioMart and Bioconductor: a powerful link between biological databases and microarray data analysis},
    author = {Steffen Durinck and Yves Moreau and Arek Kasprzyk and Sean Davis and Bart {De Moor} and Alvis Brazma and Wolfgang Huber},
    journal = {Bioinformatics},
    year = {2005},
    volume = {21},
    pages = {3439--3440},
  }
